<record><leader>00000cas a2200000Ia 4500</leader><controlfield tag="001">9425541</controlfield><controlfield tag="008">830419d18751918iauwr ne      0    0srp d</controlfield><datafield ind1=" " ind2=" " tag="010"><subfield code="a">sn 83045304 </subfield></datafield><datafield ind1=" " ind2=" " tag="040"><subfield code="a">CRL</subfield><subfield code="b">eng</subfield><subfield code="c">CRL</subfield><subfield code="d">OCLCQ</subfield></datafield><datafield ind1="0" ind2=" " tag="041"><subfield code="a">gereng</subfield></datafield><datafield ind1="0" ind2="0" tag="245"><subfield code="a">Katholischer Westen :</subfield><subfield code="b">ein katholisches Wochenblatt fu&#776;r den Nordwesten der Ver. Staaten.</subfield></datafield><datafield ind1=" " ind2=" " tag="260"><subfield code="a">Dubuque, Iowa :</subfield><subfield code="b">Catholic Print. Co.,</subfield><subfield code="c">[1875]-1918.</subfield></datafield><datafield ind1=" " ind2=" " tag="300"><subfield code="a">44 v. :</subfield><subfield code="b">ill.</subfield></datafield><datafield ind1=" " ind2=" " tag="310"><subfield code="a">Weekly</subfield></datafield><datafield ind1="0" ind2=" " tag="362"><subfield code="a">-Jahrg. 44, Nr. 2268 (27 Juni 1918).</subfield></datafield><datafield ind1="1" ind2=" " tag="362"><subfield code="a">Began in 1875.</subfield></datafield><datafield ind1=" " ind2=" " tag="521"><subfield code="a">&quot;Organ fu&#776;r den Katholiken des Nordwestens.&quot;</subfield></datafield><datafield ind1=" " ind2=" " tag="546"><subfield code="a">German, with some articles in English.</subfield></datafield><datafield ind1=" " ind2=" " tag="588"><subfield code="a">Description based on: Jahrg. 33, Nr. 2027 (13. Nov. 1913).</subfield></datafield><datafield ind1=" " ind2=" " tag="752"><subfield code="a">United States</subfield><subfield code="b">Iowa</subfield><subfield code="c">Dubuque</subfield><subfield code="d">Dubuque.</subfield></datafield><datafield ind1="0" ind2=" " tag="776"><subfield code="t">Katholischer Westen</subfield></datafield><datafield ind1="0" ind2="4" tag="785"><subfield code="t">Catholic tribune (Dubuque, Iowa)</subfield></datafield></record>